@book{rl,
  title={Reinforcement learning: An introduction},
  author={Sutton, Richard S and Barto, Andrew G},
  volume={1},
  number={1},
  year={1998},
  publisher={Cambridge Univ Press}
}

@article{kearns2002near,
  title={Near-optimal reinforcement learning in polynomial time},
  author={Kearns, Michael and Singh, Satinder},
  journal={Machine Learning},
  volume={49},
  number={2-3},
  pages={209--232},
  year={2002},
  publisher={Springer}
}

@article{rmax,
  title={R-max-a general polynomial time algorithm for near-optimal reinforcement learning},
  author={Brafman, Ronen I and Tennenholtz, Moshe},
  journal={The Journal of Machine Learning Research},
  volume={3},
  pages={213--231},
  year={2003},
  publisher={JMLR. org}
}

@article{tanaka2004prediction,
  title={Prediction of immediate and future rewards differentially recruits cortico-basal ganglia loops},
  author={Tanaka, Saori C and Doya, Kenji and Okada, Go and Ueda, Kazutaka and Okamoto, Yasumasa and Yamawaki, Shigeto},
  journal={Nature neuroscience},
  volume={7},
  number={8},
  pages={887--893},
  year={2004},
  publisher={Nature Publishing Group}
}
